%% These are replacement strings, ie: shortcuts taken from awdeorio.bib
%% 

@inproceedings{kulkarni2013automatic,
  title={Automatic construction of inlining heuristics using machine learning},
  author={Kulkarni, Santosh and Cavazos, John and Wimmer, Christian and Simon, Doug},
  booktitle={Code Generation and Optimization (CGO), 2013 IEEE/ACM International Symposium on},
  pages={1--12},
  year={2013},
  organization={IEEE}
}

@inproceedings{davidson1996aggressive,
title={Aggressive loop unrolling in a retargetable, optimizing compiler},
  author={Davidson, Jack W and Jinturkar, Sanjay},
  booktitle={Compiler Construction},
  pages={59--73},
  year={1996},
  organization={Springer}
}
@incollection{monsifrot2002machine,
  title={A machine learning approach to automatic production of compiler heuristics},
  author={Monsifrot, Antoine and Bodin, Fran{\c{c}}ois and Quiniou, Rene},
  booktitle={Artificial Intelligence: Methodology, Systems, and Applications},
  pages={41--50},
  year={2002},
  publisher={Springer}
}

@inproceedings{stephenson2005predicting,
  title={Predicting unroll factors using supervised classification},
  author={Stephenson, Mark and Amarasinghe, Saman},
  booktitle={Code Generation and Optimization, 2005. CGO 2005. International Symposium on},
  pages={123--134},
  year={2005},
  organization={IEEE}
}

